<record><leader>00000cas a2200000 a 4500</leader><controlfield tag="001">19115678</controlfield><controlfield tag="008">890208d1907194utnuwr ne      0    0eng d</controlfield><datafield ind1=" " ind2=" " tag="010"><subfield code="a">sn 89058186 </subfield></datafield><datafield ind1=" " ind2=" " tag="040"><subfield code="a">KNP</subfield><subfield code="b">eng</subfield><subfield code="c">KNP</subfield><subfield code="d">TGN</subfield><subfield code="d">OCL</subfield><subfield code="d">OCLCQ</subfield><subfield code="d">OCLCF</subfield><subfield code="d">OCLCO</subfield></datafield><datafield ind1="1" ind2=" " tag="029"><subfield code="a">AU@</subfield><subfield code="b">000020038210</subfield></datafield><datafield ind1=" " ind2=" " tag="042"><subfield code="a">msc</subfield></datafield><datafield ind1=" " ind2=" " tag="043"><subfield code="a">n-us-tn</subfield></datafield><datafield ind1="0" ind2="0" tag="245"><subfield code="a">Warren County times and McMinnville new era.</subfield></datafield><datafield ind1="3" ind2="0" tag="246"><subfield code="a">Warren County times</subfield></datafield><datafield ind1="3" ind2="0" tag="246"><subfield code="a">McMinnville new era</subfield></datafield><datafield ind1=" " ind2=" " tag="260"><subfield code="a">McMinnville, Tenn. :</subfield><subfield code="b">Billoat &amp; W.O. Brown,</subfield><subfield code="c">1907-</subfield></datafield><datafield ind1=" " ind2=" " tag="300"><subfield code="a">v.</subfield></datafield><datafield ind1=" " ind2=" " tag="310"><subfield code="a">Weekly</subfield></datafield><datafield ind1="0" ind2=" " tag="362"><subfield code="a">Vol. 5, no. 15 (Aug. 30, 1907)-</subfield></datafield><datafield ind1=" " ind2=" " tag="580"><subfield code="a">Formed by the union of: Warren County times (McMinnville, Tenn.), and: McMinnville new era.</subfield></datafield><datafield ind1=" " ind2="0" tag="651"><subfield code="a">McMinnville (Tenn.)</subfield><subfield code="v">Newspapers.</subfield></datafield><datafield ind1=" " ind2="0" tag="651"><subfield code="a">Warren County (Tenn.)</subfield><subfield code="v">Newspapers.</subfield></datafield><datafield ind1=" " ind2="7" tag="655"><subfield code="a">Newspapers.</subfield><subfield code="2">fast</subfield><subfield code="0">(OCoLC)fst01423814</subfield></datafield><datafield ind1=" " ind2="7" tag="651"><subfield code="a">Tennessee</subfield><subfield code="z">McMinnville.</subfield><subfield code="2">fast</subfield><subfield code="0">(OCoLC)fst01276404</subfield></datafield><datafield ind1=" " ind2="7" tag="651"><subfield code="a">Tennessee</subfield><subfield code="z">Warren County.</subfield><subfield code="2">fast</subfield><subfield code="0">(OCoLC)fst01215071</subfield></datafield><datafield ind1=" " ind2=" " tag="752"><subfield code="a">United States</subfield><subfield code="b">Tennessee</subfield><subfield code="c">Warren</subfield><subfield code="d">McMinnville.</subfield></datafield><datafield ind1="1" ind2="4" tag="780"><subfield code="t">McMinnville new era</subfield><subfield code="w">(DLC)sn 85033682</subfield></datafield><datafield ind1="1" ind2="4" tag="780"><subfield code="t">Warren County times (McMinnville, Tenn.)</subfield><subfield code="w">(DLC)sn 88061094</subfield></datafield></record>